 @misc{wikiswisscube,
   author = "Wikipedia",
   title = "SwissCube-1 --- Wikipedia{,} The Free Encyclopedia",
   year = "2011",
   url = "\url{http://en.wikipedia.org/w/index.php?title=SwissCube-1&oldid=457282434}",
   note = "[Online; accessed 11-December-2011]"
 }

\bibitem[Honosnost]{prdel}
@inbook{prdel,
author = {Blá},
title = {blabla},
booktitle = {titulek},
year = {2012},
}

 